@preamble{ " \newcommand{\noop}[1]{} " } % a do-nothing command that serves a purpose

@article{Aspden2008,
  doi = {10.2140/camcos.2008.3.103},
  url = {https://doi.org/10.2140/camcos.2008.3.103},
  year = {2008},
  month = dec,
  publisher = {Mathematical Sciences Publishers},
  volume = {3},
  number = {1},
  pages = {103--126},
  author = {A. Aspden and N. Nikiforakis and S. Dalziel and J. Bell},
  title = {Analysis of implicit {LES} methods},
  journal = {Communications in Applied Mathematics and Computational Science}
}

@article{Beck2019,
  doi = {10.1016/j.jcp.2019.108910},
  url = {https://doi.org/10.1016/j.jcp.2019.108910},
  year = {2019},
  month = dec,
  publisher = {Elsevier {BV}},
  volume = {398},
  pages = {108910},
  author = {A. Beck and D. Flad and C.-D. Munz},
  title = {Deep neural networks for data-driven {LES} closure models},
  journal = {Journal of Computational Physics}
}

@article{Celani2010,
  doi = {10.1103/physrevlett.104.184506},
  url = {https://doi.org/10.1103/physrevlett.104.184506},
  year = {2010},
  month = may,
  publisher = {American Physical Society ({APS})},
  volume = {104},
  number = {18},
  author = {A. Celani and S. Musacchio and D. Vincenzi},
  title = {Turbulence in more than two and less than three dimensions},
  journal = {Physical Review Letters}
}

@article{Gilbert1988,
  doi = {10.1017/s0022112088002228},
  url = {https://doi.org/10.1017/s0022112088002228},
  year = {1988},
  month = aug,
  publisher = {Cambridge University Press ({CUP})},
  volume = {193},
  pages = {475-497},
  author = {A.D. Gilbert},
  title = {Spiral structures and spectra in two-dimensional turbulence},
  journal = {Journal of Fluid Mechanics}
}

@article{Chorin1967,
  doi = {10.1016/0021-9991(67)90037-x},
  url = {https://doi.org/10.1016/0021-9991(67)90037-x},
  year = {1967},
  month = aug,
  publisher = {Elsevier {BV}},
  volume = {2},
  number = {1},
  pages = {12--26},
  author = {A.J. Chorin},
  title = {A numerical method for solving incompressible viscous flow problems},
  journal = {Journal of Computational Physics}
}

@article{Chorin1968,
  doi = {10.1090/s0025-5718-1968-0242392-2},
  url = {https://doi.org/10.1090/s0025-5718-1968-0242392-2},
  year = {1968},
  publisher = {American Mathematical Society ({AMS})},
  volume = {22},
  number = {104},
  pages = {745--745},
  author = {A.J. Chorin},
  title = {Numerical solution of the {N}avier--{S}tokes equations},
  journal = {Mathematics of Computation}
}

@article{Kourta1987,
  doi = {10.1017/s0022112087002039},
  url = {https://doi.org/10.1017/s0022112087002039},
  year = {1987},
  month = sep,
  publisher = {Cambridge University Press ({CUP})},
  volume = {181},
  pages = {141--166},
  author = {A. Kourta and H.C. Boisson and P. Chassaing and H. {Ha Minh}},
  title = {Nonlinear interaction and the transition to turbulence in the wake of a circular cylinder},
  journal = {Journal of Fluid Mechanics}
}

@article{Kolmogorov1941,
  author = {A.N. Kolmogorov},
  title = {The local structure of turbulence in incompressible viscous fluid for very large {R}eynolds numbers},
  journal = {Akademiia Nauk SSSR Doklady},
  year = {1941},
  month = jan,
  volume = {30},
  pages = {301--305}
}

@misc{Kingma2014,
  title = {Adam: A Method for Stochastic Optimization},
  author = {A.P. Kingma and J. Ba},
  year = {2014},
  eprint  = {1412.6980},
  archivePrefix = {arXiv},
  primaryClass = {cs.LG}
}

@article{Maertens2015,
  doi = {10.1016/j.cma.2014.09.007},
  url = {https://doi.org/10.1016/j.cma.2014.09.007},
  year = {2015},
  month = jan,
  publisher = {Elsevier {BV}},
  volume = {283},
  pages = {106--129},
  author = {A.P. Maertens and G.D. Weymouth},
  title = {Accurate {C}artesian-grid simulations of near-body flows at intermediate {R}eynolds numbers},
  journal = {Computer Methods in Applied Mechanics and Engineering}
}

@techreport{Roshko1954,
  author = {A. Roshko},
  title = {On the development of turbulent wakes from vortex streets},
  institution = {National Advisory Committee for Aeronautics},
  year = {1954},
  type = {NACA Report},
  number = {1191},
  address = {Washington D.C.}
}

@misc{Tensorflow,
  title = {{TensorFlow}: Large-Scale Machine Learning on Heterogeneous Systems},
  url = {https://www.tensorflow.org},
  note = {Software available from tensorflow.org},
  author = {Abadi, M. and others},
  year = {2015}
}

@inproceedings{Font2017,
  doi = {10.1109/oceanse.2017.8084904},
  url = {https://doi.org/10.1109/oceanse.2017.8084904},
  year = {2017},
  month = jun,
  publisher = {{IEEE}},
  author = {B. Font and G.D. Weymouth and O.R. Tutty},
  title = {Analysis of two-dimensional and three-dimensional wakes of long circular cylinders},
  booktitle = {{OCEANS} 2017 - Aberdeen}
}

@article{Font2019,
  doi = {10.1017/jfm.2019.637},
  url = {https://doi.org/10.1017/jfm.2019.637},
  year = {2019},
  month = sep,
  publisher = {Cambridge University Press ({CUP})},
  volume = {878},
  pages = {306--323},
  author = {B. Font and G.D. Weymouth and V.-T. Nguyen and O.R. Tutty},
  title = {Span effect on the turbulence nature of flow past a circular cylinder},
  journal = {Journal of Fluid Mechanics}
}

@inproceedings{Font2020a,
  year = {2020, accepted},
  author = {B. Font and G.D. Weymouth and V.-T. Nguyen and O.R. Tutty},
  title = {Turbulent wake predictions using deep convolutional neural networks},
  booktitle = {33rd Symposium on Naval Hydrodynamics},
  organization = {Office of Naval Research, US},
}

@misc{Font2020b,
  year = {2020, submitted},
  month = jul,
  author = {B. Font and G.D. Weymouth and V.-T. Nguyen and O.R. Tutty},
  title = {Deep learning the spanwise-averaged {N}avier--{S}tokes equations},
  eprint={2008.07528},
  archivePrefix={arXiv},
  primaryClass={cs.LG}
}

@misc{Font2018-postproc,
  author = {B. Font},
  title = {Post{P}roc: A post-processing package for my {P}h{D} {CFD} simulations},
  year = {2018},
  publisher = {GitHub},
  journal = {GitHub repository},
  url = {https://github.com/b-fg/postproc}
}

@misc{Font2019-f2py,
  author = {B. Font},
  title = {F2{P}y-{S}ockets: {A} minimal working example on how to use sockets to transfer data from {F}ortran to {P}ython and viceversa},
  year = {2019},
  publisher = {GitHub},
  journal = {GitHub repository},
  url = {https://github.com/b-fg/f2py-sockets},
}

@misc{Font2019-sanspy,
  author = {B. Font},
  title = {{SANS}py: {A} machine-learning model for the spanwise-averaged {N}avier--{S}tokes equations},
  year = {2019},
  publisher = {GitHub},
  journal = {GitHub repository},
  url = {https://github.com/b-fg/sanspy}
}

@article{Liu2020,
  doi = {10.1063/1.5140772},
  url = {https://doi.org/10.1063/1.5140772},
  year = {2020},
  month = feb,
  publisher = {{AIP} Publishing},
  volume = {32},
  number = {2},
  pages = {025105},
  author = {B. Liu and J. Tang and H. Huang and X.-Y. Lu},
  title = {Deep learning methods for super-resolution reconstruction of turbulent flows},
  journal = {Physics of Fluids}
}

@article{Leonard1979,
  doi = {10.1016/0045-7825(79)90034-3},
  url = {https://doi.org/10.1016/0045-7825(79)90034-3},
  year = {1979},
  month = jun,
  publisher = {Elsevier {BV}},
  volume = {19},
  number = {1},
  pages = {59--98},
  author = {B.P. Leonard},
  title = {A stable and accurate convective modelling procedure based on quadratic upstream interpolation},
  journal = {Computer Methods in Applied Mechanics and Engineering}
}

@article{Noack1991,
  doi = {10.1017/s0022112091000125},
  url = {https://doi.org/10.1017/s0022112091000125},
  year = {1991},
  month = jun,
  publisher = {Cambridge University Press ({CUP})},
  volume = {227},
  pages = {293--308},
  author = {B.R. Noack and F. Ohle and H. Eckelmann},
  title = {On cell formation in vortex streets},
  journal = {Journal of Fluid Mechanics}
}

@article{Noack1999,
  doi = {10.1002/zamm.19990791358},
  url = {https://doi.org/10.1002/zamm.19990791358},
  year = {1999},
  publisher = {Wiley},
  volume = {79},
  number = {S1},
  pages = {223--226},
  author = {B.R. Noack},
  title = {On the flow around a circular cylinder. {P}art {I}: {L}aminar and transitional regime},
  journal = {{ZAMM} - Journal of Applied Mathematics and Mechanics / Zeitschrift f\"{u}r Angewandte Mathematik und Mechanik}
}

@article{Noack1999b,
  doi = {10.1002/zamm.19990791359},
  url = {https://doi.org/10.1002/zamm.19990791359},
  year = {1999},
  publisher = {Wiley},
  volume = {79},
  number = {S1},
  pages = {227--230},
  author = {B.R. Noack},
  title = {On the flow around a circular cylinder. {P}art {II}: {T}urbulent regime},
  journal = {{ZAMM} - Journal of Applied Mathematics and Mechanics / Zeitschrift f\"{u}r Angewandte Mathematik und Mechanik}
}

@article{Chyu1996,
  doi = {10.1017/s0022112096007471},
  url = {https://doi.org/10.1017/s0022112096007471},
  year = {1996},
  month = aug,
  publisher = {Cambridge University Press ({CUP})},
  volume = {320},
  pages = {117-137},
  author = {C. Chyu and D. Rockwell},
  title = {Evolution of patterns of streamwise vorticity in the turbulent near wake of a circular cylinder},
  journal = {Journal of Fluid Mechanics}
}

@article{Leith1968,
  doi = {10.1063/1.1691968},
  url = {https://doi.org/10.1063/1.1691968},
  year = {1968},
  publisher = {{AIP} Publishing},
  volume = {11},
  number = {3},
  pages = {671--672},
  author = {C.E. Leith},
  title = {Diffusion Approximation for Two-Dimensional Turbulence},
  journal = {Physics of Fluids}
}

@article{Evangelinos1999,
  doi = {10.1017/s0022112099006606},
  url = {https://doi.org/10.1017/s0022112099006606},
  year = {1999},
  month = dec,
  publisher = {Cambridge University Press ({CUP})},
  volume = {400},
  pages = {91--124},
  author = {C. Evangelinos and G.E. Karniadakis},
  title = {Dynamics and flow structures in the turbulent wake of rigid and flexible cylinders subject to vortex-induced vibrations},
  journal = {Journal of Fluid Mechanics}
}

@article{Williamson1996a,
  doi = {10.1146/annurev.fl.28.010196.002401},
  url = {https://doi.org/10.1146/annurev.fl.28.010196.002401},
  year = {1996},
  month = jan,
  publisher = {Annual Reviews},
  volume = {28},
  number = {1},
  pages = {477--539},
  author = {C.H.K. Williamson},
  title = {Vortex Dynamics in the Cylinder Wake},
  journal = {Annual Review of Fluid Mechanics}
}

@article{Williamson1996b,
  doi = {10.1017/s0022112096008750},
  url = {https://doi.org/10.1017/s0022112096008750},
  year = {1996},
  month = dec,
  publisher = {Cambridge University Press ({CUP})},
  volume = {328},
  pages = {345--407},
  author = {C.H.K. Williamson},
  title = {Three-dimensional wake transition},
  journal = {Journal of Fluid Mechanics}
}

@article{Hinterberger2007,
  author = {C. Hinterberger  and J. Fröhlich  and W. Rodi},
  title = {Three-Dimensional and Depth-Averaged Large-Eddy Simulations of Some Shallow Water Flows},
  journal = {Journal of Hydraulic Engineering},
  volume = {133},
  number = {8},
  pages = {857-872},
  year = {2007},
  doi = {10.1061/(ASCE)0733-9429(2007)133:8(857)}
}

@article{Lee1997,
  doi = {10.1063/1.869290},
  url = {https://doi.org/10.1063/1.869290},
  year = {1997},
  month = jun,
  publisher = {{AIP} Publishing},
  volume = {9},
  number = {6},
  pages = {1740--1747},
  author = {C. Lee and J. Kim and D. Babcock and R. Goodman},
  title = {Application of neural networks to turbulence control for drag reduction},
  journal = {Physics of Fluids}
}

@article{Norberg2001,
  doi = {10.1006/jfls.2000.0367},
  year = {2001},
  month = apr,
  publisher = {Elsevier {BV}},
  volume = {15},
  number = {3-4},
  pages = {459--469},
  author = {C. Norberg},
  title = {Flow around a circular cylinder: aspects of fluctuating lift},
  journal = {Journal of Fluids and Structures}
}

@article{Norberg2003,
  doi = {10.1016/s0889-9746(02)00099-3},
  url = {https://doi.org/10.1016/s0889-9746(02)00099-3},
  year = {2003},
  month = jan,
  publisher = {Elsevier {BV}},
  volume = {17},
  number = {1},
  pages = {57--96},
  author = {C. Norberg},
  title = {Fluctuating lift on a circular cylinder: review and new measurements},
  journal = {Journal of Fluids and Structures}
}

@book{Doering1995,
  doi = {10.1017/cbo9780511608803},
  url = {https://doi.org/10.1017/cbo9780511608803},
  year = {1995},
  month = apr,
  publisher = {Cambridge University Press},
  author = {C.R. Doering and J.D. Gibbon},
  title = {Applied Analysis of the {N}avier--{S}tokes Equations}
}

@article{Yamamoto2004,
  doi = {10.1016/j.jfluidstructs.2004.01.004},
  url = {https://doi.org/10.1016/j.jfluidstructs.2004.01.004},
  year = {2004},
  month = may,
  publisher = {Elsevier {BV}},
  volume = {19},
  number = {4},
  pages = {467--489},
  author = {C.T. Yamamoto and J.R. Meneghini and F. Saltara and R.A. Fregonesi and J.A. Ferrari},
  title = {Numerical simulations of vortex-induced vibration on flexible cylinders},
  journal = {Journal of Fluids and Structures}
}

@misc{Chollet2015,
  title = {Keras},
  author = {Chollet, F. and others},
  year = {2015},
  url = {https://keras.io},
}

@article{Dritschel2008,
  doi = {10.1103/physrevlett.101.094501},
  url = {https://doi.org/10.1103/physrevlett.101.094501},
  year = {2008},
  month = aug,
  publisher = {American Physical Society ({APS})},
  volume = {101},
  number = {9},
  author = {D.G. Dritschel and R.K. Scott and C. Macaskill and G.A. Gottwald and C.V. Tran},
  title = {Unifying Scaling Theory for Vortex Dynamics in Two-Dimensional Turbulence},
  journal = {Physical Review Letters}
}

@article{Lucor2001,
  doi = {10.1006/jfls.2000.0366},
  url = {https://doi.org/10.1006/jfls.2000.0366},
  year = {2001},
  month = apr,
  publisher = {Elsevier {BV}},
  volume = {15},
  number = {3-4},
  pages = {641--650},
  author = {D. Lucor and L. Imas and G.E. Karniadakis},
  title = {Vortex dislocations and force distribution of long flexible cylinders subjected to sheared flows},
  journal = {Journal of Fluids and Structures}
}

@article{Yates1966,
  doi = {10.2514/3.43702},
  url = {https://doi.org/10.2514/3.43702},
  year = {1966},
  month = jan,
  publisher = {American Institute of Aeronautics and Astronautics ({AIAA})},
  volume = {3},
  number = {1},
  pages = {25--29},
  author = {E.C. Yates},
  title = {Modified-strip-analysis method for predicting wing flutter at subsonic to hypersonic speeds.},
  journal = {Journal of Aircraft}
}

@article{Boffetta2012,
  doi = {10.1146/annurev-fluid-120710-101240},
  url = {https://doi.org/10.1146/annurev-fluid-120710-101240},
  year = {2012},
  month = jan,
  publisher = {Annual Reviews},
  volume = {44},
  number = {1},
  pages = {427--451},
  author = {G. Boffetta and R.E. Ecke},
  title = {Two-Dimensional Turbulence},
  journal = {Annual Review of Fluid Mechanics}
}

@article{Weymouth2011,
  doi = {10.1016/j.jcp.2011.04.022},
  url = {https://doi.org/10.1016/j.jcp.2011.04.022},
  year = {2011},
  month = jul,
  publisher = {Elsevier {BV}},
  volume = {230},
  number = {16},
  pages = {6233--6247},
  author = {G.D. Weymouth and D.K.P. Yue},
  title = {Boundary data immersion method for {C}artesian-grid simulations of fluid-body interaction problems},
  journal = {Journal of Computational Physics}
}

@misc{Weymouth2015-LilyPad,
  author = {G.D. Weymouth},
  title = {Lily {P}ad: {T}est platform for real-time two-dimensional fluid/structure interaction simulations written in {P}rocessing},
  year = {2015},
  publisher = {GitHub},
  journal = {GitHub repository},
  url = {https://github.com/weymouth/lily-pad}
}

@inproceedings{Weymouth2019,
  author = {G.D. Weymouth},
  title = {Roll damping predictions using physics-based machine learning},
  year = {2019},
  booktitle = {Computer Applications and Information Technology in the Maritime Industries},
  numpages = {8},
  number = {15},
  location = {Ireland}
}

@article{Toebes1969,
  doi = {10.1115/1.3571165},
  url = {https://doi.org/10.1115/1.3571165},
  year = {1969},
  month = sep,
  publisher = {{ASME} International},
  volume = {91},
  number = {3},
  pages = {493--502},
  author = {G.H. Toebes},
  title = {The Unsteady Flow and Wake Near an Oscillating Cylinder},
  journal = {Journal of Basic Engineering}
}

@article{Taylor1937,
  doi = {10.1098/rspa.1937.0036},
  year = {1937},
  publisher = {Royal Society},
  volume = {158},
  pages = {499--521},
  author = {G.I. Taylor and A.D. Green},
  title = {Mechanism of the production of small eddies from large ones},
  journal = {Proceedings of the Royal Society A: Mathematical,  Physical and Engineering Sciences}
}

@article{Batchelor1969,
  doi = {10.1063/1.1692443},
  url = {https://doi.org/10.1063/1.1692443},
  year = {1969},
  publisher = {{AIP} Publishing},
  volume = {12},
  number = {12},
  pages = {II--233},
  author = {G.K. Batchelor},
  title = {Computation of the Energy Spectrum in Homogeneous Two-Dimensional Turbulence},
  journal = {Physics of Fluids}
}

@TechReport{Coleman2010,
  author = {G.N. Coleman and R.D. Sandberg},
  title = {A primer on direct numerical simulation of turbulence - {M}ethods, procedures and guidelines},
  institution = {University of Southampton},
  year = {2010}
}

@article{Assi2014,
  doi = {10.1016/j.jfluidstructs.2014.07.001},
  url = {https://doi.org/10.1016/j.jfluidstructs.2014.07.001},
  year = {2014},
  month = oct,
  publisher = {Elsevier {BV}},
  volume = {50},
  pages = {329--339},
  author = {G.R.S. Assi},
  title = {Wake-induced vibration of tandem cylinders of different diameters},
  journal = {Journal of Fluids and Structures}
}

@inproceedings{Goodfellow2014,
  author = {Goodfellow, {I.J., et al.}}, 
  title = {Generative Adversarial Nets},
  year = {2014},
  publisher = {MIT Press},
  address = {Cambridge, MA, USA},
  booktitle = {Proceedings of the 27th International Conference on Neural Information Processing Systems - Volume 2},
  pages = {2672–2680},
  numpages = {9},
  location = {Montreal, Canada},
  series = {NIPS’14}
}

@PhdThesis{Mukundan2008,
  author = {H. Mukundan},
  title = {Vortex-Induced Vibration of Marine Risers: Motion and Force Reconstruction from Field and Experimental Data},
  school = {Massachusetts Institue of Technology},
  year = {2008}
}

@article{Xia2011,
  doi = {10.1038/nphys1910},
  url = {https://doi.org/10.1038/nphys1910},
  year = {2011},
  month = feb,
  publisher = {Springer Science and Business Media {LLC}},
  volume = {7},
  number = {4},
  pages = {321--324},
  author = {H. Xia and D. Byrne and G. Falkovich and M. Shats},
  title = {Upscale energy transfer in thick turbulent fluid~layers},
  journal = {Nature Physics}
}

@article{Huang2011,
    author = {Huang, K. and Chen, H.-C. and Chen C.-R.},
    title = {Numerical scheme for riser motion calculation during 3-{D} {VIV} simulation},
    journal = {J.  Fluids and Struct.},
    year = {2011},
    volume = {27},
    pages = {947-961}
}

@article{Wang2017,
  doi = {10.1103/physrevfluids.2.034603},
  url = {https://doi.org/10.1103/physrevfluids.2.034603},
  year = {2017},
  month = mar,
  publisher = {American Physical Society ({APS})},
  volume = {2},
  number = {3},
  author = {J.-X. Wang and J.-L. Wu and H. Xiao},
  title = {Physics-informed machine learning approach for reconstructing {R}eynolds stress modeling discrepancies based on {DNS} data},
  journal = {Physical Review Fluids}
}

@article{Weideman2002,
  doi = {10.1080/00029890.2002.11919836},
  url = {https://doi.org/10.1080/00029890.2002.11919836},
  year = {2002},
  month = jan,
  publisher = {Informa {UK} Limited},
  volume = {109},
  number = {1},
  pages = {21--36},
  author = {J.A.C. Weideman},
  title = {Numerical Integration of Periodic Functions: A Few Examples},
  journal = {The American Mathematical Monthly}
}

@article{Domaradzki2003,
  doi = {10.1063/1.1624610},
  url = {https://doi.org/10.1063/1.1624610},
  year = {2003},
  month = dec,
  publisher = {{AIP} Publishing},
  volume = {15},
  number = {12},
  pages = {3890--3893},
  author = {J.A. Domaradzki and Z. Xiao and P.K. Smolarkiewicz},
  title = {Effective eddy viscosities in implicit large eddy simulations of turbulent flows},
  journal = {Physics of Fluids}
}

@article{Schulmeister2017,
  doi = {10.1017/jfm.2017.395},
  url = {https://doi.org/10.1017/jfm.2017.395},
  year = {2017},
  month = jul,
  publisher = {Cambridge University Press ({CUP})},
  volume = {825},
  pages = {743--763},
  author = {J.C. Schulmeister and J.M. Dahl and G.D. Weymouth and M.S. Triantafyllou},
  title = {Flow control with rotating cylinders},
  journal = {Journal of Fluid Mechanics}
}

@book{Ferziger2002,
  doi = {10.1007/978-3-642-56026-2},
  url = {https://doi.org/10.1007/978-3-642-56026-2},
  year = {2002},
  publisher = {Springer Berlin Heidelberg},
  author = {J.H. Ferziger and M. Peri{\'{c}}},
  title = {Computational Methods for Fluid Dynamics}
}

@article{Kim2020b,
  doi = {10.1016/j.jcp.2019.109216},
  url = {https://doi.org/10.1016/j.jcp.2019.109216},
  year = {2020},
  month = apr,
  publisher = {Elsevier {BV}},
  volume = {406},
  pages = {109216},
  author = {J. Kim and C. Lee},
  title = {Deep unsupervised learning of turbulence for inflow generation at various {R}eynolds numbers},
  journal = {Journal of Computational Physics}
}

@article{Lumley1977,
  doi = {10.1017/s0022112077000585},
  url = {https://doi.org/10.1017/s0022112077000585},
  year = {1977},
  month = aug,
  publisher = {Cambridge University Press ({CUP})},
  volume = {82},
  pages = {161--178},
  author = {J.L. Lumley and G.R. Newman},
  title = {The return to isotropy of homogeneous turbulence},
  journal = {Journal of Fluid Mechanics}
}

@incollection{Lumley1979,
  doi = {10.1016/s0065-2156(08)70266-7},
  url = {https://doi.org/10.1016/s0065-2156(08)70266-7},
  year = {1979},
  publisher = {Elsevier},
  pages = {123--176},
  volume = {18},
  author = {J.L. Lumley},
  title = {Computational Modeling of Turbulent Flows},
  booktitle = {Advances in Applied Mechanics}
}

@article{Ling2016,
  doi = {10.1017/jfm.2016.615},
  url = {https://doi.org/10.1017/jfm.2016.615},
  year = {2016},
  month = oct,
  publisher = {Cambridge University Press ({CUP})},
  volume = {807},
  pages = {155--166},
  author = {J. Ling and A. Kurzawski and J. Templeton},
  title = {{R}eynolds averaged turbulence modelling using deep neural networks with embedded invariance},
  journal = {Journal of Fluid Mechanics}
}

@article{Ling2015,
  doi = {10.1063/1.4927765},
  url = {https://doi.org/10.1063/1.4927765},
  year = {2015},
  month = aug,
  publisher = {{AIP} Publishing},
  volume = {27},
  number = {8},
  pages = {085103},
  author = {J. Ling and J. Templeton},
  title = {Evaluation of machine learning algorithms for prediction of regions of high {R}eynolds averaged {N}avier {S}tokes uncertainty},
  journal = {Physics of Fluids}
}

@article{Dahl2007,
  doi = {10.1103/physrevlett.99.144503},
  url = {https://doi.org/10.1103/physrevlett.99.144503},
  year = {2007},
  month = oct,
  publisher = {American Physical Society ({APS})},
  volume = {99},
  number = {14},
  author = {J.M. Dahl and F.S. Hover and M.S. Triantafyllou and S. Dong and G.E. Karniadakis},
  title = {Resonant Vibrations of Bluff Bodies Cause Multivortex Shedding and High Frequency Forces},
  journal = {Physical Review Letters}
}

@article{Kutz2017,
  doi = {10.1017/jfm.2016.803},
  url = {https://doi.org/10.1017/jfm.2016.803},
  year = {2017},
  month = jan,
  publisher = {Cambridge University Press ({CUP})},
  volume = {814},
  pages = {1--4},
  author = {J.N. Kutz},
  title = {Deep learning in fluid dynamics},
  journal = {Journal of Fluid Mechanics}
}

@incollection{Newman1979,
  doi = {10.1016/s0065-2156(08)70268-0},
  url = {https://doi.org/10.1016/s0065-2156(08)70268-0},
  year = {1979},
  publisher = {Elsevier},
  pages = {221--283},
  author = {J.N. Newman},
  title = {The Theory of Ship Motions},
  booktitle = {Advances in Applied Mechanics}
}

@article{Meneghini2004,
  doi = {10.1016/j.euromechflu.2003.09.006},
  url = {https://doi.org/10.1016/j.euromechflu.2003.09.006},
  year = {2004},
  month = jan,
  publisher = {Elsevier {BV}},
  volume = {23},
  number = {1},
  pages = {51--63},
  author = {J.R. Meneghini and F. Saltara and R.A. Fregonesi and C.T. Yamamoto and E. Casaprima and J.A. Ferrari},
  title = {Numerical simulations of {VIV} on long flexible cylinders immersed in complex flow fields},
  journal = {European Journal of Mechanics - B/Fluids}
}

@article{Rabault2019b,
  doi = {10.1063/1.5116415},
  url = {https://doi.org/10.1063/1.5116415},
  year = {2019},
  month = sep,
  publisher = {{AIP} Publishing},
  volume = {31},
  number = {9},
  pages = {094105},
  author = {J. Rabault and A. Kuhnle},
  title = {Accelerating deep reinforcement learning strategies of flow control through a multi-environment approach},
  journal = {Physics of Fluids}
}

@article{Rabault2019a,
  doi = {10.1017/jfm.2019.62},
  url = {https://doi.org/10.1017/jfm.2019.62},
  year = {2019},
  month = feb,
  publisher = {Cambridge University Press ({CUP})},
  volume = {865},
  pages = {281--302},
  author = {J. Rabault and M. Kuchta and A. Jensen and U. R{\'{e}}glade and N. Cerardi},
  title = {Artificial neural networks trained through deep reinforcement learning discover control strategies for active flow control},
  journal = {Journal of Fluid Mechanics}
}

@Book{Marshall2001,
  author = {J.S. Marshall},
  title = {Inviscid Incompressible Flow},
  publisher = {John Wiley \& Sons},
  year = {2001}
}

@article{Smagorinsky1963,
  doi = {10.1175/1520-0493(1963)091<0099:gcewtp>2.3.co;2},
  url = {https://doi.org/10.1175/1520-0493(1963)091<0099:gcewtp>2.3.co;2},
  year = {1963},
  month = mar,
  publisher = {American Meteorological Society},
  volume = {91},
  number = {3},
  pages = {99--164},
  author = {J. Smagorinsky},
  title = {General circulation experiments with the primitive equations: {I}. The basic experiment},
  journal = {Monthly Weather Review}
}

@article{Weatheritt2016,
  doi = {10.1016/j.jcp.2016.08.015},
  url = {https://doi.org/10.1016/j.jcp.2016.08.015},
  year = {2016},
  month = nov,
  publisher = {Elsevier {BV}},
  volume = {325},
  pages = {22--37},
  author = {J. Weatheritt and R. Sandberg},
  title = {A novel evolutionary algorithm applied to algebraic modifications of the {RANS} stress{\textendash}strain relationship},
  journal = {Journal of Computational Physics}
}

@article{Wu1994,
  doi = {10.1016/0894-1777(94)90032-9},
  url = {https://doi.org/10.1016/0894-1777(94)90032-9},
  year = {1994},
  month = oct,
  publisher = {Elsevier {BV}},
  volume = {9},
  number = {3},
  pages = {299--308},
  author = {J. Wu and L.W. Welch and M.C. Welsh and J. Sheridan and G.J. Walker},
  title = {Spanwise wake structures of a circular cylinder and two circular cylinders in tandem},
  journal = {Experimental Thermal and Fluid Science}
}

@article{Jiang2020,
  doi = {10.1063/1.5134850},
  url = {https://doi.org/10.1063/1.5134850},
  year = {2020},
  month = jan,
  publisher = {{AIP} Publishing},
  volume = {32},
  number = {1},
  pages = {014103},
  author = {Jiang, H. and Cheng, L.},
  title = {Transition to chaos in the cylinder wake through the Mode C flow},
  journal = {Physics of Fluids}
}

@article{Choi2001,
  doi = {10.1017/s002211200100386x},
  url = {https://doi.org/10.1017/s002211200100386x},
  year = {2001},
  month = jun,
  publisher = {Cambridge University Press ({CUP})},
  volume = {436},
  pages = {59--84},
  author = {K.-S. Choi and J.L. Lumley},
  title = {The return to isotropy of homogeneous turbulence},
  journal = {Journal of Fluid Mechanics}
}

@inproceedings{Duraisamy2015,
  doi = {10.2514/6.2015-1284},
  url = {https://doi.org/10.2514/6.2015-1284},
  year = {2015},
  month = jan,
  publisher = {American Institute of Aeronautics and Astronautics},
  author = {K. Duraisamy and Z.J. Zhang and A.P. Singh},
  title = {New Approaches in Turbulence and Transition Modeling Using Data-driven Techniques},
  booktitle = {53rd {AIAA} Aerospace Sciences Meeting}
}

@article{Fukami2019,
  doi = {10.1017/jfm.2019.238},
  url = {https://doi.org/10.1017/jfm.2019.238},
  year = {2019},
  month = may,
  publisher = {Cambridge University Press ({CUP})},
  volume = {870},
  pages = {106--120},
  author = {K. Fukami and K. Fukagata and K. Taira},
  title = {Super-resolution reconstruction of turbulent flows with machine learning},
  journal = {Journal of Fluid Mechanics}
}

@article{Hendrickson2019,
  doi = {10.1017/jfm.2019.505},
  url = {https://doi.org/10.1017/jfm.2019.505},
  year = {2019},
  month = jul,
  publisher = {Cambridge University Press ({CUP})},
  volume = {875},
  pages = {854--883},
  author = {K. Hendrickson and G.D. Weymouth and X. Yu and D.K.P. Yue},
  title = {Wake behind a three-dimensional dry transom stern. {P}art 1. {F}low structure and large-scale air entrainment},
  journal = {Journal of Fluid Mechanics}
}

@article{Herfjord1999,
  doi = {10.1115/1.2829569},
  url = {https://doi.org/10.1115/1.2829569},
  year = {1999},
  month = nov,
  publisher = {{ASME} International},
  volume = {121},
  number = {4},
  pages = {207--212},
  author = {K. Herfjord and S.O. Drange and T. Kvamsdal},
  title = {Assessment of Vortex-Induced Vibrations on Deepwater Risers by Considering Fluid-Structure Interaction},
  journal = {Journal of Offshore Mechanics and Arctic Engineering}
}

@article{Kim2020a,
  title = {Prediction of turbulent heat transfer using convolutional neural networks},
  volume = {882},
  DOI = {10.1017/jfm.2019.814},
  journal = {Journal of Fluid Mechanics},
  publisher = {Cambridge University Press},
  author = {Kim, J. and Lee, C.},
  year = {2020},
  pages = {A18}
 }
 @article{Lapeyre2019,
  doi = {10.1016/j.combustflame.2019.02.019},
  url = {https://doi.org/10.1016/j.combustflame.2019.02.019},
  year = {2019},
  publisher = {Elsevier {BV}},
  volume = {203},
  pages = {255-264},
  author = {C.J. Lapeyre and A. Misdariis and N. Cazard and D. Veynante and T. Poinsot},
  title = {Training convolutional neural networks to estimate turbulent sub-grid scale reaction rates},
  journal = {Combustion and Flame}
}

@article{Biancofiore2012,
  doi = {10.1016/j.compfluid.2011.12.008},
  url = {https://doi.org/10.1016/j.compfluid.2011.12.008},
  year = {2012},
  month = apr,
  publisher = {Elsevier {BV}},
  volume = {58},
  pages = {27--44},
  author = {L. Biancofiore and F. Gallaire and R. Pasquetti},
  title = {Influence of confinement on obstacle-free turbulent wakes},
  journal = {Computers {\&} Fluids}
}

@article{Biancofiore2014,
  doi = {10.1017/jfm.2014.85},
  url = {https://doi.org/10.1017/jfm.2014.85},
  year = {2014},
  month = mar,
  publisher = {Cambridge University Press ({CUP})},
  volume = {745},
  pages = {164--179},
  author = {L. Biancofiore},
  title = {Crossover between two- and three-dimensional turbulence in spatial mixing layers},
  journal = {Journal of Fluid Mechanics}
}

@book{Richardson1922,
  author = {L.F. Richardson},
  title = {Weather Prediction by Numerical Process},
  publisher = {Cambridge, The University press},
  year = {1922}
}

@article{Smith1996,
  doi = {10.1103/physrevlett.77.2467},
  url = {https://doi.org/10.1103/physrevlett.77.2467},
  year = {1996},
  month = sep,
  publisher = {American Physical Society ({APS})},
  volume = {77},
  number = {12},
  pages = {2467--2470},
  author = {L.M. Smith and J.R. Chasnov and F. Waleffe},
  title = {Crossover from Two- to Three-Dimensional Turbulence},
  journal = {Physical Review Letters}
}

@article{Trefethen2014,
  doi = {10.1137/130932132},
  url = {https://doi.org/10.1137/130932132},
  year = {2014},
  month = jan,
  publisher = {Society for Industrial {\&} Applied Mathematics ({SIAM})},
  volume = {56},
  number = {3},
  pages = {385--458},
  author = {L.N. Trefethen and J.A.C. Weideman},
  title = {The Exponentially Convergent Trapezoidal Rule},
  journal = {{SIAM} Review}
}

@article{Sun2012,
  doi = {10.1016/j.jfluidstructs.2012.06.008},
  url = {https://doi.org/10.1016/j.jfluidstructs.2012.06.008},
  year = {2012},
  month = nov,
  publisher = {Elsevier {BV}},
  volume = {35},
  pages = {21--49},
  author = {L. Sun and Z. Zong and J. Dong and G.H. Dong and C.F. Liu},
  title = {Stripwise discrete vortex method for {VIV} analysis of flexible risers},
  journal = {Journal of Fluids and Structures}
}

@article{Cruz2019,
  doi = {10.1016/j.compfluid.2019.104258},
  url = {https://doi.org/10.1016/j.compfluid.2019.104258},
  year = {2019},
  month = oct,
  publisher = {Elsevier {BV}},
  volume = {192},
  pages = {104258},
  author = {M.A. Cruz and R.L. Thompson and L.E.B. Sampaio and R.D.A. Bacchi},
  title = {The use of the {R}eynolds force vector in a physics informed machine learning approach for predictive turbulence modeling},
  journal = {Computers {\&} Fluids}
}

@article{Newman2005,
  doi = {10.1080/00107510500052444},
  url = {https://doi.org/10.1080/00107510500052444},
  year = {2005},
  month = sep,
  publisher = {Informa {UK} Limited},
  volume = {46},
  number = {5},
  pages = {323--351},
  author = {M.E.J. Newman},
  title = {Power laws, {P}areto distributions and {Z}ipf{\textquotesingle}s law},
  journal = {Contemporary Physics}
}

@article{Gamahara2017,
  doi = {10.1103/physrevfluids.2.054604},
  url = {https://doi.org/10.1103/physrevfluids.2.054604},
  year = {2017},
  month = may,
  publisher = {American Physical Society ({APS})},
  volume = {2},
  number = {5},
  author = {M. Gamahara and Y. Hattori},
  title = {Searching for turbulence models by artificial neural network},
  journal = {Physical Review Fluids}
}

@article{Kappler2005,
  doi = {10.1007/s00348-004-0872-5},
  url = {https://doi.org/10.1007/s00348-004-0872-5},
  year = {2005},
  month = feb,
  publisher = {Springer Science and Business Media {LLC}},
  volume = {38},
  number = {3},
  pages = {269--284},
  author = {M. Kappler and W. Rodi and S. Szepessy and O. Badran},
  title = {Experiments on the flow past long circular cylinders in a shear flow},
  journal = {Experiments in Fluids}
}

@article{Brenner2019,
  doi = {10.1103/physrevfluids.4.100501},
  url = {https://doi.org/10.1103/physrevfluids.4.100501},
  year = {2019},
  month = oct,
  publisher = {American Physical Society ({APS})},
  volume = {4},
  number = {10},
  author = {M.P. Brenner and J.D. Eldredge and J.B. Freund},
  title = {Perspective on machine learning for advancing fluid mechanics},
  journal = {Physical Review Fluids}
}

@article{Raissi2020,
  doi = {10.1126/science.aaw4741},
  url = {https://doi.org/10.1126/science.aaw4741},
  year = {2020},
  month = jan,
  publisher = {American Association for the Advancement of Science ({AAAS})},
  volume = {367},
  number = {6481},
  pages = {1026--1030},
  author = {M. Raissi and A. Yazdani and G.E. Karniadakis},
  title = {Hidden fluid mechanics: Learning velocity and pressure fields from flow visualizations},
  journal = {Science}
}

@article{Raissi2019,
  doi = {10.1016/j.jcp.2018.10.045},
  url = {https://doi.org/10.1016/j.jcp.2018.10.045},
  year = {2019},
  month = feb,
  publisher = {Elsevier {BV}},
  volume = {378},
  pages = {686--707},
  author = {M. Raissi and P. Perdikaris and G.E. Karniadakis},
  title = {Physics-informed neural networks: A deep learning framework for solving forward and inverse problems involving nonlinear partial differential equations},
  journal = {Journal of Computational Physics}
}

@article{Bloor1964,
  doi = {10.1017/s0022112064000726},
  url = {https://doi.org/10.1017/s0022112064000726},
  year = {1964},
  month = jun,
  publisher = {Cambridge University Press ({CUP})},
  volume = {19},
  number = {02},
  pages = {290},
  author = {M.S. Bloor},
  title = {The transition to turbulence in the wake of a circular cylinder},
  journal = {Journal of Fluid Mechanics}
}

@incollection{Adams2009,
  doi = {10.1007/978-3-642-03085-7_180},
  url = {https://doi.org/10.1007/978-3-642-03085-7_180},
  year = {2009},
  publisher = {Springer Berlin Heidelberg},
  pages = {743--750},
  author = {N.A. Adams and S. Hickel},
  title = {Implicit Large-Eddy Simulation: Theory and Application},
  booktitle = {Springer Proceedings in Physics}
}

@article{Geneva2019,
  doi = {10.1016/j.jcp.2019.01.021},
  url = {https://doi.org/10.1016/j.jcp.2019.01.021},
  year = {2019},
  month = apr,
  publisher = {Elsevier {BV}},
  volume = {383},
  pages = {125--147},
  author = {N. Geneva and N. Zabaras},
  title = {Quantifying model form uncertainty in {R}eynolds-averaged turbulence models with {B}ayesian deep neural networks},
  journal = {Journal of Computational Physics}
}

@inproceedings{Nair2010,
  author = {Nair, V. and Hinton, G.E.},
  title = {Rectified Linear Units Improve Restricted Boltzmann Machines},
  year = {2010},
  isbn = {9781605589077},
  publisher = {Omnipress},
  address = {Madison, WI, USA},
  booktitle = {Proceedings of the 27th International Conference on International Conference on Machine Learning},
  pages = {807--814},
  numpages = {8},
  number = {9},
  location = {Haifa, Israel},
  series = {ICML’10}
}

@misc{Ronneberger2015,
  title = {U-Net: Convolutional Networks for Biomedical Image Segmentation},
  author = {O. Ronneberger and P. Fischer and T. Brox},
  year = {2015},
  eprint = {1505.04597},
  archivePrefix = {arXiv},
  primaryClass = {cs.CV}
}

@article{Vlachas2018,
  doi = {10.1098/rspa.2017.0844},
  url = {https://doi.org/10.1098/rspa.2017.0844},
  year = {2018},
  month = may,
  publisher = {The Royal Society},
  volume = {474},
  number = {2213},
  pages = {20170844},
  author = {P.R. Vlachas and W. Byeon and Z.Y. Wan and T.P. Sapsis and P. Koumoutsakos},
  title = {Data-driven forecasting of high-dimensional chaotic systems with long short-term memory networks},
  journal = {Proceedings of the Royal Society A: Mathematical,  Physical and Engineering Sciences}
}

@article{Bourguet2011,
  doi = {10.1017/jfm.2011.90},
  url = {https://doi.org/10.1017/jfm.2011.90},
  year = {2011},
  month = apr,
  publisher = {Cambridge University Press ({CUP})},
  volume = {677},
  pages = {342--382},
  author = {R. Bourguet and G.E. Karniadakis and M.S. Triantafyllou},
  title = {Vortex-induced vibrations of a long flexible cylinder in shear flow},
  journal = {Journal of Fluid Mechanics}
}

@PhdThesis{Blevins1974,
  author = {R.D. Blevins},
  title = {Flow Induced Vibrations of Bluff Bodies},
  school = {California Institue of Technology},
  year = {1974}
}

@article{Willden2001,
  doi = {10.1006/jfls.2000.0359},
  url = {https://doi.org/10.1006/jfls.2000.0359},
  year = {2001},
  month = apr,
  publisher = {Elsevier {BV}},
  volume = {15},
  number = {3-4},
  pages = {659--669},
  author = {R.H.J. Willden and J.M.R. Graham},
  title = {Numerical prediction of {VIV} on long flexible circular cylinders},
  journal = {Journal of Fluids and Structures}
}

@article{Willden2004,
  doi = {10.1016/j.euromechflu.2003.09.011},
  url = {https://doi.org/10.1016/j.euromechflu.2003.09.011},
  year = {2004},
  month = jan,
  publisher = {Elsevier {BV}},
  volume = {23},
  number = {1},
  pages = {209--218},
  author = {R.H.J. Willden and J.M.R. Graham},
  title = {Multi-modal Vortex-Induced Vibrations of a vertical riser pipe subject to a uniform current profile},
  journal = {European Journal of Mechanics - B/Fluids}
}

@article{Kraichnan1967,
  doi = {10.1063/1.1762301},
  url = {https://doi.org/10.1063/1.1762301},
  year = {1967},
  publisher = {{AIP} Publishing},
  volume = {10},
  number = {7},
  pages = {1417--1423},
  author = {R.H. Kraichnan},
  title = {Inertial Ranges in Two-Dimensional Turbulence},
  journal = {Physics of Fluids}
}

@article{Maulik2018,
  doi = {10.1017/jfm.2018.770},
  url = {https://doi.org/10.1017/jfm.2018.770},
  year = {2018},
  month = nov,
  publisher = {Cambridge University Press ({CUP})},
  volume = {858},
  pages = {122--144},
  author = {R. Maulik and O. San and A. Rasheed and P. Vedula},
  title = {Subgrid modelling for two-dimensional turbulence using neural networks},
  journal = {Journal of Fluid Mechanics}
}

@article{Maulik2019,
  doi = {10.1017/jfm.2019.254},
  url = {https://doi.org/10.1017/jfm.2019.254},
  year = {2019},
  month = may,
  publisher = {Cambridge University Press ({CUP})},
  volume = {870},
  pages = {784--812},
  author = {R. Maulik and O. San and J.D. Jacob and C. Crick},
  title = {Sub-grid scale model classification and blending through deep learning},
  journal = {Journal of Fluid Mechanics}
}

@article{Mittal2005,
  doi = {10.1146/annurev.fluid.37.061903.175743},
  url = {https://doi.org/10.1146/annurev.fluid.37.061903.175743},
  year = {2005},
  month = jan,
  publisher = {Annual Reviews},
  volume = {37},
  number = {1},
  pages = {239--261},
  author = {R. Mittal and G. Iaccarino},
  title = {{I}mmersed boundary methods},
  journal = {Annual Review of Fluid Mechanics}
}

@article{Mittal1995,
  doi = {10.1063/1.868500},
  url = {https://doi.org/10.1063/1.868500},
  year = {1995},
  month = aug,
  publisher = {{AIP} Publishing},
  volume = {7},
  number = {8},
  pages = {1841--1865},
  author = {R. Mittal and S. Balachandar},
  title = {Effect of three-dimensionality on the lift and drag of nominally two-dimensional cylinders},
  journal = {Physics of Fluids}
}

@book{Pope2000,
  doi = {10.1017/cbo9780511840531},
  url = {https://doi.org/10.1017/cbo9780511840531},
  year = {2000},
  month = aug,
  publisher = {Cambridge University Press},
  author = {S.B. Pope},
  title = {Turbulent Flows}
}

@article{Dong2005,
  doi = {10.1016/j.jfluidstructs.2005.02.004},
  url = {https://doi.org/10.1016/j.jfluidstructs.2005.02.004},
  year = {2005},
  month = may,
  publisher = {Elsevier {BV}},
  volume = {20},
  number = {4},
  pages = {519--531},
  author = {S. Dong and G.E. Karniadakis},
  title = {{DNS} of flow past a stationary and oscillating cylinder at},
  journal = {Journal of Fluids and Structures}
}

@inproceedings{Holmes2006,
  doi = {10.1115/omae2006-92124},
  url = {https://doi.org/10.1115/omae2006-92124},
  year = {2006},
  month = jan,
  publisher = {{ASMEDC}},
  author = {S. Holmes and O.H. Oakley and Y. Constantinides},
  title = {Simulation of Riser {VIV} Using Fully Three Dimensional {CFD} Simulations},
  booktitle = {Volume 4: Terry Jones Pipeline Technology; Ocean Space Utilization; {CFD} and {VIV} Symposium}
}

@article{Brunton2020,
  doi = {10.1146/annurev-fluid-010719-060214},
  url = {https://doi.org/10.1146/annurev-fluid-010719-060214},
  year = {2020},
  month = jan,
  publisher = {Annual Reviews},
  volume = {52},
  number = {1},
  pages = {477--508},
  author = {S.L. Brunton and B.R. Noack and P. Koumoutsakos},
  title = {Machine Learning for Fluid Mechanics},
  journal = {Annual Review of Fluid Mechanics}
}

@article{Lee2019,
  doi = {10.1017/jfm.2019.700},
  url = {https://doi.org/10.1017/jfm.2019.700},
  year = {2019},
  publisher = {Cambridge University Press ({CUP})},
  volume = {879},
  pages = {217--254},
  author = {S. Lee and D. You},
  title = {Data-driven prediction of unsteady flow over a circular cylinder using deep learning},
  journal = {Journal of Fluid Mechanics}
}

@article{Verma2018,
  doi = {10.1073/pnas.1800923115},
  url = {https://doi.org/10.1073/pnas.1800923115},
  year = {2018},
  month = may,
  publisher = {Proceedings of the National Academy of Sciences},
  volume = {115},
  number = {23},
  pages = {5849--5854},
  author = {S. Verma and G. Novati and P. Koumoutsakos},
  title = {Efficient collective swimming by harnessing vortices through deep reinforcement learning},
  journal = {Proceedings of the National Academy of Sciences}
}

@article{Ye2020,
  doi = {10.1038/s41598-020-61450-z},
  url = {https://doi.org/10.1038/s41598-020-61450-z},
  year = {2020},
  month = mar,
  publisher = {Springer Science and Business Media {LLC}},
  volume = {10},
  number = {1},
  author = {S. Ye and Z. Zhang and X. Song and Y. Wang and Y. Chen and C. Huang},
  title = {A flow feature detection method for modeling pressure distribution around a cylinder in non-uniform flows by using a convolutional neural network},
  journal = {Scientific Reports}
}

@misc{Ioffe2015,
    title={Batch Normalization: Accelerating Deep Network Training by Reducing Internal Covariate Shift},
    author={Sergey Ioffe and Christian Szegedy},
    year={2015},
    eprint={1502.03167},
    archivePrefix={arXiv},
    primaryClass={cs.LG}
}

@book{SuttonBarto2018,
  address = {Cambridge, MA},
  author = {Sutton, R.S. and Barto, A.G.},
  edition = 2,
  interhash = {86513403a5604a8b4f8530b7933b5d07},
  intrahash = {7eedcd276c0ea675b1302e3a0edd0020},
  owner = {flint},
  publisher = {MIT Press},
  series = {Adaptive Computation and Machine Learning},
  subtitle = {An Introduction},
  title = {Reinforcement Learning},
  year = 2018
}

@article{Molls1995,
  doi = {10.1061/(asce)0733-9429(1995)121:6(453)},
  url = {https://doi.org/10.1061/(asce)0733-9429(1995)121:6(453)},
  year = {1995},
  month = jun,
  publisher = {American Society of Civil Engineers ({ASCE})},
  volume = {121},
  number = {6},
  pages = {453--465},
  author = {T. Molls and M.H. Chaudhry},
  title = {Depth-Averaged Open-Channel Flow Model},
  journal = {Journal of Hydraulic Engineering}
}

@article{Murata2019,
  doi = {10.1017/jfm.2019.822},
  url = {https://doi.org/10.1017/jfm.2019.822},
  year = {2019},
  month = nov,
  publisher = {Cambridge University Press ({CUP})},
  volume = {882},
  author = {T. Murata and K. Fukami and K. Fukagata},
  title = {Nonlinear mode decomposition with convolutional neural networks for fluid~dynamics},
  journal = {Journal of Fluid Mechanics}
}

@misc{Badrinarayanan2015,
  title = {SegNet: A Deep Convolutional Encoder-Decoder Architecture for Image Segmentation},
  author = {V. Badrinarayanan and A. Kendall and R. Cipolla},
  year = {2015},
  eprint = {1511.00561},
  archivePrefix = {arXiv},
  primaryClass = {cs.CV}
}

@article{Badrinarayanan2017,
  doi = {10.1109/tpami.2016.2644615},
  url = {https://doi.org/10.1109/tpami.2016.2644615},
  year = {2017},
  month = dec,
  publisher = {Institute of Electrical and Electronics Engineers ({IEEE})},
  volume = {39},
  number = {12},
  pages = {2481--2495},
  author = {V. Badrinarayanan and A. Kendall and R. Cipolla},
  title = {{SegNet}: A Deep Convolutional Encoder-Decoder Architecture for Image Segmentation},
  journal = {{IEEE} Transactions on Pattern Analysis and Machine Intelligence}
}

@article{Bao2019,
  doi = {10.1016/j.jfluidstructs.2019.02.010},
  url = {https://doi.org/10.1016/j.jfluidstructs.2019.02.010},
  year = {2019},
  month = aug,
  publisher = {Elsevier {BV}},
  volume = {89},
  pages = {166--173},
  author = {Y. Bao and H.B. Zhu and P. Huan and R. Wang and D. Zhou and Z.L. Han and R. Palacios and M. Graham and S. Sherwin},
  title = {Numerical prediction of vortex-induced vibration of flexible riser with thick strip method},
  journal = {Journal of Fluids and Structures}
}

@article{Bao2016,
  doi = {10.1016/j.jcp.2016.05.062},
  url = {https://doi.org/10.1016/j.jcp.2016.05.062},
  year = {2016},
  month = sep,
  publisher = {Elsevier {BV}},
  volume = {321},
  pages = {1079--1097},
  author = {Y. Bao and R. Palacios and M. Graham and S. Sherwin},
  title = {Generalized thick strip modelling for vortex-induced vibration of long flexible cylinders},
  journal = {Journal of Computational Physics}
}

@article{LeCun1989,
  doi = {10.1162/neco.1989.1.4.541},
  url = {https://doi.org/10.1162/neco.1989.1.4.541},
  year = {1989},
  month = dec,
  publisher = {{MIT} Press - Journals},
  volume = {1},
  number = {4},
  pages = {541--551},
  author = {Y. LeCun and B. Boser and J.S. Denker and D. Henderson and R.E. Howard and W. Hubbard and L.D. Jackel},
  title = {Backpropagation Applied to Handwritten Zip Code Recognition},
  journal = {Neural Computation}
}

@article{LeCun2015,
  doi = {10.1038/nature14539},
  url = {https://doi.org/10.1038/nature14539},
  year = {2015},
  month = may,
  publisher = {Springer Science and Business Media {LLC}},
  volume = {521},
  number = {7553},
  pages = {436--444},
  author = {Y. LeCun and Y. Bengio and G. Hinton},
  title = {Deep learning},
  journal = {Nature}
}

@inbook{LeCun1995,
  title = {Convolutional networks for images, speech, and time-series},
  author = {Y. LeCun and Y. Bengio},
  year = {1995},
  editor = {M.A. Arbib},
  Booktitle = {The handbook of brain theory and neural networks},
  publisher = {MIT Press}
}

@article{Zhou2014,
  doi = {10.1103/physreve.89.013303},
  url = {https://doi.org/10.1103/physreve.89.013303},
  year = {2014},
  month = jan,
  publisher = {American Physical Society ({APS})},
  volume = {89},
  number = {1},
  author = {Y. Zhou and F.F. Grinstein and A.J. Wachtor and B.M. Haines},
  title = {Estimating the effective {R}eynolds number in implicit large-eddy simulation},
  journal = {Physical Review E}
}

@article{Deng2019,
  doi = {10.1063/1.5111558},
  url = {https://doi.org/10.1063/1.5111558},
  year = {2019},
  month = jul,
  publisher = {{AIP} Publishing},
  volume = {31},
  number = {7},
  pages = {075108},
  author = {Z. Deng and Y. Chen and Y. Liu and K.C. Kim},
  title = {Time-resolved turbulent velocity field reconstruction using a long short-term memory ({LSTM})-based artificial intelligence framework},
  journal = {Physics of Fluids}
}

@article{Xiao2009,
  doi = {10.1017/s0022112008004266},
  url = {https://doi.org/10.1017/s0022112008004266},
  year = {2009},
  month = jan,
  publisher = {Cambridge University Press ({CUP})},
  volume = {619},
  pages = {1--44},
  author = {Z. Xiao and M. Wan and S. Chen and G.L. Eyink},
  title = {Physical mechanism of the inverse energy cascade of two-dimensional turbulence: a numerical investigation},
  journal = {Journal of Fluid Mechanics}
}

